@INPROCEEDINGS{Fayyad1996-yz,
  title     = "Knowledge Discovery and Data Mining: Towards a Unifying
               Framework",
  booktitle = "{KDD}",
  author    = "Fayyad, Usama M and Piatetsky-Shapiro, Gregory and Smyth,
               Padhraic and {Others}",
  abstract  = "Abstract This paper presents a first step towards a unifying
               framework for Knowledge Discovery in Databases. We describe
               finks between data milfing, knowledge discovery, and other
               related fields. We then define the KDD process and basic data
               mining algorithms,",
  publisher = "aaai.org",
  volume    =  96,
  pages     = "82--88",
  year      =  1996
}

@INPROCEEDINGS{Orengo2001-yw,
  title     = "A Stemming Algorithmm for the Portuguese Language",
  booktitle = "Spire",
  author    = "Orengo, Viviane Moreira and Huyck, Christian R",
  abstract  = "Abstract Stemming algorithms are traditionally used in
               Information Retrieval with the goal of enhancing recall, as they
               conflate the variant forms of a word into a common
               representation. This paper describes the development of a simple
               and eflective su\&? x-stripping algorithm for Portuguese. The
               stemmer is evaluated using a method proposed by Paice f9/. The
               results show that it performs significantly better than the
               Portuguese version of the Porter ...",
  publisher = "ai2-s2-pdfs.s3.amazonaws.com",
  volume    =  8,
  pages     = "186--193",
  year      =  2001
}

@INCOLLECTION{Flores2010-gk,
  title     = "Assessing the Impact of Stemming Accuracy on Information
               Retrieval",
  booktitle = "Computational Processing of the Portuguese Language",
  author    = "Flores, Felipe N and Moreira, Viviane P and Heuser, Carlos A",
  publisher = "Springer Berlin Heidelberg",
  pages     = "11--20",
  series    = "Lecture Notes in Computer Science",
  month     =  "27~" # apr,
  year      =  2010
}

@ARTICLE{Marban2009-vs,
  title     = "A data mining \& knowledge discovery process model",
  author    = "Marb{\'a}n, {\'O}scar and Mariscal, Gonzalo and Segovia, Javier",
  journal   = "Data Mining and Knowledge Discovery in Real Life Applications",
  publisher = "I-Tech Vienna",
  volume    =  2009,
  pages     = "8",
  year      =  2009
}

@BOOK{Nunes2016,
  title     = "Introdu{\c{c}}{\~{a}}o {\`{a}} Minera{\c{c}}{\~{a}}o de Dados: Conceitos B{\'{a}}sicos, Algoritmos e Aplica{\c{c}}{\~{o}}es",
  author    = "de Castro, Leandro N and Ferrari, Daniel G",
  isbn      = "978-8547200985",
  publisher = "Editora Saraiva",
  year      = 2016,
  edition   = 1
}

@BOOK{Witten2016-vt,
  title     = "Data Mining: Practical Machine Learning Tools and Techniques",
  author    = "Witten, Ian H and Frank, Eibe and Hall, Mark A and Pal, Christopher J",
  publisher = "Morgan Kaufmann",
  isbn      = "978-0123748560",
  month     =  "1~" # oct,
  year      =  2016,
  language  = "en"
}

@BOOK{Manning2008-fw,
  title     = "Introduction to information retrieval",
  author    = "Manning, Christopher D and Raghavan, Prabhakar and Sch{\"u}tze,
               Hinrich and {Others}",
  publisher = "Cambridge University Press",
  isbn      = "978-0521865715",
  year      =  2008,
  edition   = 1
}

@BOOK{Borner2014-ta,
  title     = "Visual Insights: A Practical Guide to Making Sense of Data",
  author    = "B{\"o}rner, Katy and Polley, David E",
  publisher = "The MIT Press",
  isbn      = "978-0262526197",
  year      =  2014
}

@INPROCEEDINGS{Xu2014-gj,
  title     = "Modeling Professional Similarity by Mining Professional Career
               Trajectories",
  booktitle = "Proceedings of the 20th {ACM} {SIGKDD} International Conference
               on Knowledge Discovery and Data Mining",
  author    = "Xu, Ye and Li, Zang and Gupta, Abhishek and Bugdayci, Ahmet and
               Bhasin, Anmol",
  abstract  = "Abstract For decades large corporations as well as labor
               placement services have maintained extensive yet static resume
               databanks. Online professional networks like LinkedIn have taken
               these resume databanks to a dynamic, constantly updated and
               massive scale professional profile dataset spanning career
               records from hundreds of industries, millions of companies and
               hundreds of millions of people worldwide. Using this ...",
  publisher = "ACM",
  pages     = "1945--1954",
  series    = "KDD '14",
  year      =  2014,
  address   = "New York, NY, USA",
  keywords  = "career paths, similarity, social networks, user profiles"
}

@MISC{Hill2012-hh,
  title        = "How Target Figured Out A Teen Girl Was Pregnant Before Her
                  Father Did",
  booktitle    = "Forbes",
  author       = "Hill, Kashmir",
  month        =  "16~" # feb,
  year         =  2012,
  howpublished = "\url{http://www.forbes.com/sites/kashmirhill/2012/02/16/how-target-figured-out-a-teen-girl-was-pregnant-before-her-father-did/}",
  note         = "Accessed: 2017-3-23"
}

@INPROCEEDINGS{Minnotte1993-dw,
  title     = "The Mode Tree: A Tool for Visualization of Nonparametric Density
               Features",
  booktitle = "Journal of Computational and Graphical Statistics",
  author    = "Minnotte, Michael C and Scott, David W",
  year      =  1993
}


@ARTICLE{Fayyad2002-yh,
  title     = "Evolving Data into Mining Solutions for Insights",
  author    = "Fayyad, U and Uthurusamy, R",
  editor    = "Fayyad, Usama and Uthurusamy, Ramasamy",
  journal   = "Commun. ACM",
  publisher = "ACM",
  volume    =  45,
  number    =  8,
  pages     = "28--31",
  month     =  aug,
  year      =  2002,
  address   = "New York, NY, USA"
}

@ARTICLE{Rousseeuw2011-nk,
  title     = "Robust statistics for outlier detection",
  author    = "Rousseeuw, Peter J and Hubert, Mia",
  journal   = "WIREs Data Mining Knowl Discov",
  publisher = "John Wiley \& Sons, Inc.",
  volume    =  1,
  number    =  1,
  pages     = "73--79",
  month     =  "1~" # jan,
  year      =  2011
}

@ARTICLE{Hellerstein2008-zr,
  title     = "Quantitative data cleaning for large databases",
  author    = "Hellerstein, Joseph M",
  journal   = "Stat. J. UN Econ. Comm. Eur.",
  publisher = "IOS Press",
  year      =  2008
}

@MISC{Norvig2007-cz,
  title        = "How to Write a Spelling Corrector",
  booktitle    = "Peter Norvig personal site",
  author       = "Norvig, Peter",
  year         =  2007,
  howpublished = "\url{http://norvig.com/spell-correct.html}",
  note         = "Accessed: 2017-3-24"
}

@INPROCEEDINGS{Jijkoun2008-ie,
  title     = "Named Entity Normalization in User Generated Content",
  booktitle = "Proceedings of the Second Workshop on Analytics for Noisy
               Unstructured Text Data",
  author    = "Jijkoun, Valentin and Khalid, Mahboob Alam and Marx, Maarten and
               de Rijke, Maarten",
  publisher = "ACM",
  pages     = "23--30",
  series    = "AND '08",
  year      =  2008,
  address   = "New York, NY, USA",
  keywords  = "evaluation, named entities, user generated content, wikipedia"
}

@INPROCEEDINGS{Jacob2014-cf,
  title     = "{SCooL}: A system for academic institution name normalization",
  booktitle = "2014 International Conference on Collaboration Technologies and
               Systems ({CTS})",
  author    = "Jacob, Ferosh and Javed, Faizan and Zhao, Meng and Mcnair, Matt",
  month     =  "1~" # may,
  year      =  2014
}


@ARTICLE{Wickham2014-qh,
  title    = "Tidy Data",
  author   = "Wickham, Hadley",
  journal  = "J. Stat. Softw.",
  volume   =  59,
  number   =  1,
  pages    = "1--23",
  year     =  2014
}

@INCOLLECTION{Gorunescu2011-oa,
  title     = "Exploratory Data Analysis",
  booktitle = "Data Mining: Concepts, Models and Techniques",
  author    = "Gorunescu, Florin",
  publisher = "Springer Berlin Heidelberg",
  pages     = "57--157",
  year      =  2011,
  address   = "Berlin, Heidelberg"
}

@BOOK{Hoaglin1983-aq,
  title     = "Understanding robust and exploratory data analysis",
  author    = "Hoaglin, David C and Mosteller, Frederick and Tukey, John Wilder",
  publisher = "Wiley New York",
  volume    =  3,
  year      =  1983
}


@ARTICLE{Hollink2004-hh,
  title     = "Monolingual Document Retrieval for European Languages",
  author    = "Hollink, Vera and Kamps, Jaap and Monz, Christof and de Rijke,
               Maarten",
  journal   = "Inf. Retr. Boston.",
  publisher = "Kluwer Academic Publishers",
  volume    =  7,
  number    = "1-2",
  pages     = "33--52",
  month     =  "1~" # jan,
  year      =  2004,
  language  = "en"
}

@BOOK{Hollander2013-mq,
  title     = "Nonparametric Statistical Methods",
  author    = "Hollander, Myles and Wolfe, Douglas A and Chicken, Eric",
  publisher = "John Wiley \& Sons",
  month     =  "25~" # nov,
  year      =  2013,
  language  = "en",
  isbn      = "978-1118553299"
}

@BOOK{Tukey1977-of,
  title     = "Exploratory data analysis",
  author    = "Tukey, John W",
  publisher = "Pearson",
  year      =  1977,
  language  = "en",
  isbn      = "978-0201076165"
}

@inbook{wiki:boxplot,
   publisher = "Wikimedia",
   title = "Elementos de um Box Plot",
   booktitle = "Wikimedia Commons",
   year = "2017",
   url = "\url{https://commons.wikimedia.org/wiki/File:Elements_of_a_boxplot_pt.svg}",
   urlaccessdate = "26 mar. 2017"
 }
 
@INCOLLECTION{Behrens2003-ni,
  title     = "Exploratory Data Analysis",
  booktitle = "Handbook of Psychology",
  author    = "Behrens, John T and Yu, Chong-Ho",  
  publisher = "John Wiley \& Sons, Inc.",
  year      =  2003,
  keywords  = "abduction; exploratory data analysis; graphics; residuals; scale
               transformation; visualization",
  isbn      = "9780471264385",
  doi       = "10.1002/0471264385.wei0202"
}

@BOOK{Scott1992-bd,
  title     = "Multivariate Density Estimation: Theory, Practice, and
               Visualization",
  author    = "Scott, David W",
  publisher = "John Wiley \& Sons",
  month     =  "31~" # aug,
  year      =  1992,
  language  = "en",
  isbn      = "978-0471547709"
}

@ARTICLE{Sheather1991-su,
  title     = "A Reliable {Data-Based} Bandwidth Selection Method for Kernel
               Density Estimation",
  author    = "Sheather, S J and Jones, M C",
  journal   = "J. R. Stat. Soc. Series B Stat. Methodol.",
  publisher = "[Royal Statistical Society, Wiley]",
  volume    =  53,
  number    =  3,
  pages     = "683--690",
  year      =  1991,
  issn      = "1369-7412, 0035-9246"
}

@BOOK{Silverman1986-mv,
  title     = "Density estimation for statistics and data analysis",
  author    = "Silverman, Bernard W",
  publisher = "CRC press",
  volume    =  26,
  year      =  1986
}

@ARTICLE{Anderson1936-zq,
  title     = "The Species Problem in Iris",
  author    = "Anderson, Edgar",
  journal   = "Ann. Mo. Bot. Gard.",
  publisher = "Missouri Botanical Garden Press",
  volume    =  23,
  number    =  3,
  pages     = "457--509",
  year      =  1936,
  issn      = "0026-6493",
  doi       = "10.2307/2394164"
}


@ARTICLE{Fernholz2000-rj,
  title     = "A conversation with John W. Tukey and Elizabeth Tukey",
  author    = "Fernholz, Luisa T and Morgenthaler, Stephan",
  journal   = "Stat. Sci.",
  publisher = "Institute of Mathematical Statistics",
  volume    =  15,
  number    =  1,
  pages     = "79--94",
  month     =  "1~" # feb,
  year      =  2000,
  issn      = "0883-4237, 2168-8745",
  doi       = "10.1214/ss/1009212675"
}

@INPROCEEDINGS{Cetintas2011-op,
  title     = "Identifying Similar People in Professional Social Networks with
               Discriminative Probabilistic Models",
  booktitle = "Proceedings of the 34th International {ACM} {SIGIR} Conference
               on Research and Development in Information Retrieval",
  author    = "Cetintas, Suleyman and Rogati, Monica and Si, Luo and Fang, Yi",
  publisher = "ACM",
  pages     = "1209--1210",
  series    = "SIGIR '11",
  year      =  2011,
  address   = "New York, NY, USA",
  isbn      = "9781450307574",
  doi       = "10.1145/2009916.2010123"
}

@INPROCEEDINGS{Xu2015-jb,
  title     = "Learning Career Mobility and Human Activity Patterns for Job
               Change Analysis",
  booktitle = "2015 {IEEE} International Conference on Data Mining",
  author    = "Xu, H and Yu, Z and Xiong, H and Guo, B and Zhu, H",
  pages     = "1057--1062",
  month     =  nov,
  year      =  2015,
  issn      = "1550-4786",
  doi       = "10.1109/ICDM.2015.122"
}

@INPROCEEDINGS{Qu2016-dy,
  title     = "What Is My Next Job: Predicting the Company Size and Position in
               Career Changes",
  booktitle = "2016 {IEEE} {Trustcom/BigDataSE/ISPA}",
  author    = "Qu, H and Yu, Z and Yu, Z and Xu, H and Guo, B and Xie, X",
  pages     = "1668--1675",
  month     =  aug,
  year      =  2016,
  doi       = "10.1109/TrustCom.2016.0256"
}

@ARTICLE{Ng2007-zp,
  title     = "Determinants of job mobility: A theoretical integration and
               extension",
  author    = "Ng, Thomas W H and Sorensen, Kelly L and Eby, Lillian T and
               Feldman, Daniel C",
  journal   = "J. Occup. Organ. Psychol.",
  publisher = "Blackwell Publishing Ltd",
  volume    =  80,
  number    =  3,
  pages     = "363--386",
  month     =  "1~" # sep,
  year      =  2007,
  issn      = "0963-1798, 2044-8325",
  doi       = "10.1348/096317906X130582"
}

@ARTICLE{Topel1992-ej,
  title     = "Job mobility and the careers of young men",
  author    = "Topel, Robert H and Ward, Michael P",
  journal   = "Q. J. Econ.",
  publisher = "Oxford University Press",
  volume    =  107,
  number    =  2,
  pages     = "439--479",
  year      =  1992,
  issn      = "0033-5533"
}

@BOOK{Hohpe2003-nj,
  title     = "Enterprise Integration Patterns: Designing, Building, and
               Deploying Messaging Solutions",
  author    = "Hohpe, Gregor and Woolf, Bobby",
  publisher = "Addison-Wesley Professional",
  edition   = "1 edition",
  month     =  "20~" # oct,
  year      =  2003,
  language  = "en",
  isbn      = "9780321200686"
}

@BOOK{Morrison2010-pm,
  title     = "{Flow-Based} Programming, 2nd Edition: A New Approach to
               Application Development",
  author    = "Paul Morrison, J",
  publisher = "CreateSpace",
  edition   = "2 edition",
  month     =  "14~" # may,
  year      =  2010,
  language  = "en",
  isbn      = "9781451542325"
}

@BOOK{Hintjens2013-tz,
  title     = "{ZeroMQ}",
  author    = "Hintjens, Pieter",
  publisher = "O'Reilly Media",
  year      =  2013,
  isbn      = "9781449334062"
}

@MISC{rubygems-ud,
  title        = "RubyGems.org",
  author       = "Quaranto, Nick",
  howpublished = "\url{https://rubygems.org/gems}",
  year         = 2009,
  note         = "Accessed: 2017-4-16"
}

@MISC{rustfaq-ys,
  title        = "Frequently Asked Questions · The Rust Programming Language",
  author       = "Rust",
  year         = 2017,
  howpublished = "\url{https://www.rust-lang.org/en-US/faq.html}",
  note         = "Accessed: 2017-4-16"
}

@ARTICLE{Boldi2014-ew,
  title   = "Axioms for Centrality",
  author  = "Boldi, Paolo and Vigna, Sebastiano",
  journal = "Internet Math.",
  volume  =  10,
  number  = "3-4",
  pages   = "222--262",
  year    =  2014,
  eprint  = "http://dx.doi.org/10.1080/15427951.2013.865686",
  issn    = "1542-7951",
  doi     = "10.1080/15427951.2013.865686"
}

@ARTICLE{Newman2005-la,
  title   = "A measure of betweenness centrality based on random walks",
  author  = "Newman, M E J",
  journal = "Soc. Networks",
  volume  =  27,
  number  =  1,
  pages   = "39--54",
  year    =  2005,
  issn    = "0378-8733"
}

@PHDTHESIS{Van_Dongen2000-qm,
  title  = "Graph Clustering by Flow Simulation (Markov Clustering Algorithm)",
  author = "van Dongen, Stijn",
  editor = "Hazewinkel, M and van Eijck, J",
  year   =  2000,
  school = "University of Ultrech"
}

@MISC{Van_Dongen2008-kx,
  title        = "Work flows and protocols for mcl and friends",
  booktitle    = "{MCL} - a cluster algorithm for graphs",
  author       = "van Dongen, Stijn",
  month        =  "8~" # mar,
  year         =  2008,
  howpublished = "\url{https://micans.org/mcl/man/clmprotocols.html}",
  note         = "Accessed: 2017-4-29"
}

@ARTICLE{Gansner2000-oo,
  title     = "An Open Graph Visualization System and Its Applications to
               Software Engineering",
  author    = "Gansner, Emden R and North, Stephen C",
  journal   = "Softw. Pract. Exp.",
  publisher = "John Wiley \& Sons, Inc.",
  volume    =  30,
  number    =  11,
  pages     = "1203--1233",
  month     =  sep,
  year      =  2000,
  address   = "New York, NY, USA",
  issn      = "0038-0644",
  doi       = "10.1002/1097-024X(200009)30:11<1203::AID-SPE338>3.3.CO;2-E"
}

@BOOK{Carkci2014-jk,
  title     = "Dataflow and Reactive Programming Systems: A Practical Guide",
  author    = "Carkci, Matt",
  publisher = "CreateSpace Independent Publishing Platform",
  edition   = "1 edition",
  month     =  "30~" # apr,
  year      =  2014,
  language  = "en",
  isbn      = "9781497422445"
}

@BOOK{National_Research_Council2007-hg,
  title     = "Strategy for an Army Center for Network Science, Technology, and
               Experimentation",
  author    = "{National Research Council} and {Division on Engineering and
               Physical Sciences} and {Board on Army Science and Technology}
               and {Committee on Strategies for Network Science, Technology,
               and Experimentation}",
  publisher = "National Academies Press",
  month     =  "27~" # sep,
  year      =  2007,
  language  = "en",
  isbn      = "9780309106962",
  doi       = "10.17226/11904"
}

@BOOK{National_Research_Council2006-lv,
  title     = "Network Science",
  author    = "{National Research Council} and {Division on Engineering and
               Physical Sciences} and {Board on Army Science and Technology}
               and {Committee on Network Science for Future Army Applications}",
  publisher = "National Academies Press",
  month     =  "15~" # jan,
  year      =  2006,
  language  = "en",
  isbn      = "9780309100267",
  doi       = "10.17226/11516"
}

@BOOK{Barabasi2016-rn,
  title     = "Network Science",
  author    = "Barab{\'a}si, Albert-L{\'a}szl{\'o} and P{\'o}sfai, M{\'a}rton",
  publisher = "Cambridge University Press",
  edition   = "1 edition",
  month     =  "5~" # aug,
  year      =  2016,
  language  = "en",
  isbn      = "9781107076266"
}

@ARTICLE{Opsahl2010-zg,
  title   = "Node centrality in weighted networks: Generalizing degree and
             shortest paths",
  author  = "Opsahl, Tore and Agneessens, Filip and Skvoretz, John",
  journal = "Soc. Networks",
  volume  =  32,
  number  =  3,
  pages   = "245--251",
  year    =  2010,
  issn    = "0378-8733"
}

@ARTICLE{Garlaschelli2004-db,
  title       = "Patterns of link reciprocity in directed networks",
  author      = "Garlaschelli, Diego and Loffredo, Maria I",
  affiliation = "Dipartimento di Fisica, Universit{\`a} di Siena, Via Roma 56,
                 53100 Siena, Italy.",
  journal     = "Phys. Rev. Lett.",
  volume      =  93,
  number      = "26 Pt 1",
  pages       = "268701",
  month       =  "31~" # dec,
  year        =  2004,
  language    = "en",
  issn        = "0031-9007",
  pmid        = "15698035",
  doi         = "10.1103/PhysRevLett.93.268701"
}

@ARTICLE{Barrat2004-xf,
  title       = "The architecture of complex weighted networks",
  author      = "Barrat, A and Barth{\'e}lemy, M and Pastor-Satorras, R and
                 Vespignani, A",
  affiliation = "Laboratoire de Physique Th{\'e}orique, Unit{\'e} Mixte de
                 Recherche du Centre National de la Recherche Scientifique
                 8627, B{\^a}timent 210, Universit{\'e} de Paris-Sud, 91405
                 Orsay Cedex, France.",
  journal     = "Proc. Natl. Acad. Sci. U. S. A.",
  volume      =  101,
  number      =  11,
  pages       = "3747--3752",
  month       =  "16~" # mar,
  year        =  2004,
  language    = "en",
  issn        = "0027-8424",
  pmid        = "15007165",
  doi         = "10.1073/pnas.0400087101",
  pmc         = "PMC374315"
}

@ARTICLE{Brandes2001-tt,
  title     = "A faster algorithm for betweenness centrality",
  author    = "Brandes, Ulrik",
  journal   = "J. Math. Sociol.",
  publisher = "Routledge",
  volume    =  25,
  number    =  2,
  pages     = "163--177",
  month     =  "1~" # jun,
  year      =  2001,
  issn      = "0022-250X",
  doi       = "10.1080/0022250X.2001.9990249"
}

@ARTICLE{Newman2001-sl,
  title       = "Scientific collaboration networks. {II}. Shortest paths,
                 weighted networks, and centrality",
  author      = "Newman, M E",
  affiliation = "Santa Fe Institute, 1399 Hyde Park Road, Santa Fe, New Mexico
                 87501, USA.",
  journal     = "Phys. Rev. E Stat. Nonlin. Soft Matter Phys.",
  publisher   = "APS",
  volume      =  64,
  number      = "1 Pt 2",
  pages       = "016132",
  month       =  jul,
  year        =  2001,
  language    = "en",
  issn        = "1539-3755",
  pmid        = "11461356",
  doi         = "10.1103/PhysRevE.64.016132"
}

@ARTICLE{Garlaschelli2004-db,
  title       = "Patterns of link reciprocity in directed networks",
  author      = "Garlaschelli, Diego and Loffredo, Maria I",
  affiliation = "Dipartimento di Fisica, Universit{\`a} di Siena, Via Roma 56,
                 53100 Siena, Italy.",
  journal     = "Phys. Rev. Lett.",
  volume      =  93,
  number      = "26 Pt 1",
  pages       = "268701",
  month       =  "31~" # dec,
  year        =  2004,
  language    = "en",
  issn        = "0031-9007",
  pmid        = "15698035",
  doi         = "10.1103/PhysRevLett.93.268701"
}

@ARTICLE{Squartini2013-ni,
  title       = "Reciprocity of weighted networks",
  author      = "Squartini, Tiziano and Picciolo, Francesco and Ruzzenenti,
                 Franco and Garlaschelli, Diego",
  affiliation = "Instituut-Lorentz for Theoretical Physics, Leiden Institute of
                 Physics, University of Leiden, Niels Bohrweg 2, 2333 CA
                 Leiden, The Netherlands.",
  journal     = "Sci. Rep.",
  volume      =  3,
  pages       = "2729",
  year        =  2013,
  language    = "en",
  issn        = "2045-2322",
  pmid        = "24056721",
  doi         = "10.1038/srep02729",
  pmc         = "PMC3779854"
}

@INCOLLECTION{Zweig2016-rb,
  title     = "Random Graphs as Null Models",
  booktitle = "Network Analysis Literacy",
  author    = "Zweig, Katharina A",
  publisher = "Springer Vienna",
  pages     = "183--214",
  series    = "Lecture Notes in Social Networks",
  year      =  2016,
  language  = "en",
  isbn      = "9783709107409, 9783709107416",
  doi       = "10.1007/978-3-7091-0741-6\_7"
}

@ARTICLE{Watts1998-wt,
  title     = "Collective dynamics of 'small-world'networks",
  author    = "Watts, D J and Strogatz, S H",
  journal   = "Nature",
  publisher = "nature.com",
  year      =  1998,
  issn      = "0028-0836"
}

@ARTICLE{Barabasi1999-sn,
  title     = "Emergence of Scaling in Random Networks",
  author    = "Barab{\'a}si, Albert-L{\'a}szl{\'o} and Albert, R{\'e}ka",
  journal   = "Science",
  publisher = "American Association for the Advancement of Science",
  volume    =  286,
  number    =  5439,
  pages     = "509--512",
  month     =  "15~" # oct,
  year      =  1999,
  language  = "en",
  issn      = "0036-8075, 1095-9203",
  pmid      = "10521342",
  doi       = "10.1126/science.286.5439.509"
}

@ARTICLE{Holland1970-dx,
  title     = "A Method for Detecting Structure in Sociometric Data",
  author    = "Holland, Paul W and Leinhardt, Samuel",
  journal   = "Am. J. Sociol.",
  publisher = "journals.uchicago.edu",
  volume    =  76,
  number    =  3,
  pages     = "492--513",
  year      =  1970,
  eprint    = "https://doi.org/10.1086/224954",
  issn      = "0002-9602",
  doi       = "10.1086/224954"
}

@ARTICLE{Connor1979-vw,
  title     = "The Assembly of Species Communities: Chance or Competition?",
  author    = "Connor, Edward F and Simberloff, Daniel",
  journal   = "Ecology",
  publisher = "Ecological Society of America",
  volume    =  60,
  number    =  6,
  pages     = "1132--1140",
  month     =  "1~" # dec,
  year      =  1979,
  issn      = "0012-9658, 1939-9170",
  doi       = "10.2307/1936961"
}

@ARTICLE{Serrano2005-ms,
  title     = "Weighted Configuration Model",
  author    = "Serrano, M {\'A}ngeles and Bogu{\~n}{\'a}, Mari{\'a}n",
  journal   = "AIP Conf. Proc.",
  publisher = "American Institute of Physics",
  volume    =  776,
  number    =  1,
  pages     = "101--107",
  month     =  "21~" # jun,
  year      =  2005,
  issn      = "0094-243X",
  doi       = "10.1063/1.1985381"
}

@ARTICLE{Newman2004-by,
  title       = "Analysis of weighted networks",
  author      = "Newman, M E J",
  affiliation = "Department of Physics and Center for the Study of Complex
                 Systems, University of Michigan, Ann Arbor, Michigan
                 48109-1120, USA.",
  journal     = "Phys. Rev. E Stat. Nonlin. Soft Matter Phys.",
  publisher   = "APS",
  volume      =  70,
  number      = "5 Pt 2",
  pages       = "056131",
  month       =  nov,
  year        =  2004,
  language    = "en",
  issn        = "1539-3755",
  pmid        = "15600716",
  doi         = "10.1103/PhysRevE.70.056131"
}

@BOOK{Goldbarg2012-uc,
  title     = "Grafos",
  author    = "Goldbarg, Elizabeth and Goldbarg, Marco",
  publisher = "Elsevier Academic",
  edition   = "Edi{\c c}{\~a}o: 1",
  year      =  2012
}

@BOOK{Van_Steen2010-tf,
  title     = "Graph Theory and Complex Networks: An Introduction",
  author    = "van Steen, Maarten",
  publisher = "Maarten van Steen",
  month     =  "5~" # apr,
  year      =  2010,
  language  = "en",
  isbn      = "9789081540612"
}

@ARTICLE{Farkas2007-ta,
  title     = "Weighted network modules",
  author    = "Farkas, Ill{\'e}s and {\'A}bel, D{\'a}niel and Palla, Gergely
               and {Tam{\'a}s Vicsek1}",
  journal   = "New J. Phys.",
  publisher = "IOP Publishing",
  volume    =  9,
  number    =  6,
  pages     = "180",
  month     =  "28~" # jun,
  year      =  2007,
  language  = "en",
  issn      = "1367-2630",
  doi       = "10.1088/1367-2630/9/6/180"
}

@ARTICLE{Ahn2010-uh,
  title       = "Link communities reveal multiscale complexity in networks",
  author      = "Ahn, Yong-Yeol and Bagrow, James P and Lehmann, Sune",
  affiliation = "Center for Complex Network Research, Department of Physics,
                 Northeastern University, Boston, Massachusetts 02115, USA.",
  journal     = "Nature",
  publisher   = "nature.com",
  volume      =  466,
  number      =  7307,
  pages       = "761--764",
  month       =  "5~" # aug,
  year        =  2010,
  language    = "en",
  issn        = "0028-0836, 1476-4687",
  pmid        = "20562860",
  doi         = "10.1038/nature09182"
}

@ARTICLE{Evans2009-lq,
  title       = "Line graphs, link partitions, and overlapping communities",
  author      = "Evans, T S and Lambiotte, R",
  affiliation = "Institute for Mathematical Sciences, Imperial College London,
                 SW7 2PG London, UK.",
  journal     = "Phys. Rev. E Stat. Nonlin. Soft Matter Phys.",
  publisher   = "APS",
  volume      =  80,
  number      = "1 Pt 2",
  pages       = "016105",
  month       =  jul,
  year        =  2009,
  language    = "en",
  issn        = "1539-3755",
  pmid        = "19658772",
  doi         = "10.1103/PhysRevE.80.016105"
}

@INPROCEEDINGS{Wickramaarachchi2014-fr,
  title     = "Fast parallel algorithm for unfolding of communities in large
               graphs",
  booktitle = "2014 {IEEE} High Performance Extreme Computing Conference
               ({HPEC})",
  author    = "Wickramaarachchi, C and Frincu, M and Small, P and Prasanna, V K",
  publisher = "ieeexplore.ieee.org",
  pages     = "1--6",
  year      =  2014,
  doi       = "10.1109/HPEC.2014.7040973"
}

@ARTICLE{Blondel2008-qh,
  title     = "Fast unfolding of communities in large networks",
  author    = "Blondel, Vincent D and Guillaume, Jean-Loup and Lambiotte,
               Renaud and Lefebvre, Etienne",
  journal   = "J. Stat. Mech.",
  publisher = "IOP Publishing",
  volume    =  2008,
  number    =  10,
  pages     = "P10008",
  month     =  "9~" # oct,
  year      =  2008,
  language  = "en",
  issn      = "1742-5468",
  doi       = "10.1088/1742-5468/2008/10/P10008"
}

@ARTICLE{Newman2006-hc,
  title       = "Modularity and community structure in networks",
  author      = "Newman, M E J",
  affiliation = "Department of Physics and Center for the Study of Complex
                 Systems, University of Michigan, Ann Arbor, MI 48109, USA.
                 mejn@umich.edu",
  journal     = "Proc. Natl. Acad. Sci. U. S. A.",
  publisher   = "National Acad Sciences",
  volume      =  103,
  number      =  23,
  pages       = "8577--8582",
  month       =  "6~" # jun,
  year        =  2006,
  language    = "en",
  issn        = "0027-8424",
  pmid        = "16723398",
  doi         = "10.1073/pnas.0601602103",
  pmc         = "PMC1482622"
}

@ARTICLE{Newman2004-ji,
  title       = "Fast algorithm for detecting community structure in networks",
  author      = "Newman, M E J",
  affiliation = "Department of Physics and Center for the Study of Complex
                 Systems, University of Michigan, Ann Arbor, Michigan
                 48109-1120, USA.",
  journal     = "Phys. Rev. E Stat. Nonlin. Soft Matter Phys.",
  publisher   = "APS",
  volume      =  69,
  number      = "6 Pt 2",
  pages       = "066133",
  month       =  jun,
  year        =  2004,
  language    = "en",
  issn        = "1539-3755",
  pmid        = "15244693",
  doi         = "10.1103/PhysRevE.69.066133"
}

@MISC{Van_Dongen2008-kx,
  title        = "Work flows and protocols for mcl and friends",
  booktitle    = "{MCL} - a cluster algorithm for graphs",
  author       = "van Dongen, Stijn",
  month        =  "8~" # mar,
  year         =  2008,
  howpublished = "\url{https://micans.org/mcl/man/clmprotocols.html}",
  note         = "Accessed: 2017-4-29"
}
